@article{savarese2017,
  title={Global public health burden of heart failure},
  author={Savarese, Gianluigi and Lund, Lars H},
  journal={Cardiac failure review},
  volume={3},
  number={1},
  pages={7--11},
  year={2017},
  publisher={Radcliffe Publishing},
  doi={10.15420/cfr.2016:25:2}
}

@article{choi2017,
  title={Predicting mortality in heart failure patients with reduced or mildly reduced ejection fraction},
  author={Choi, Eunsun and Lee, Jinah},
  journal={Journal of Cardiovascular Ultrasound},
  volume={25},
  number={1},
  pages={1--10},
  year={2017},
  doi={10.4250/jcu.2017.25.1.1}
}

@article{ahmad2018,
  title={Machine learning methods improve prognostication, identify clinically distinct phenotypes, and detect heterogeneity in response to therapy in a large cohort of heart failure patients},
  author={Ahmad, Tariq and Lund, Lars H and Rao, Pooja and Ghosh, Rohan and Warier, Pradeep and Vaccaro, Brian and Dahlstr√∂m, Ulf and O'Connor, Christopher M and Felker, G Michael and Desai, Nirav R and others},
  journal={Journal of the American Heart Association},
  volume={7},
  number={8},
  pages={e008081},
  year={2018},
  publisher={Wiley Online Library},
  doi={10.1161/JAHA.117.008081}
}

@article{sulaiman2020,
  title={Serum sodium as a predictor of outcomes in heart failure: A review of the evidence},
  author={Sulaiman, Noor and Chen, Wei and others},
  journal={Heart and Lung},
  volume={49},
  number={5},
  pages={430--436},
  year={2020},
  doi={10.1016/j.hrtlng.2020.05.001}
}

@misc{uci2020,
  title = {Heart Failure Clinical Records Data Set},
  author = {Chicco, Davide and Jurman, Giuseppe},
  year = {2020},
  howpublished = {\url{https://archive.ics.uci.edu/ml/datasets/Heart+failure+clinical+records}},
  note = {UCI Machine Learning Repository},
  url = {https://archive.ics.uci.edu/ml/datasets/Heart+failure+clinical+records}
}
